<?xml version="1.0" encoding="UTF-8"?><collection xmlns="http://www.loc.gov/MARC21/slim"><record><leader>00515nam--2200145-i-4500</leader><controlfield tag="001">000030260</controlfield><controlfield tag="002">20161230</controlfield><controlfield tag="005">20161230201038</controlfield><controlfield tag="008">060222s1000------------r-----000-0-eng-d</controlfield><datafield ind1=" " ind2=" " tag="080"><subfield code="a">621.311.2</subfield></datafield><datafield ind1=" " ind2=" " tag="100"><subfield code="a">Lup, Liviu</subfield></datafield><datafield ind1=" " ind2=" " tag="245"><subfield code="a">Coeficientii de incidentare (avariere) si rezultate obtinute in exploatare</subfield></datafield><datafield ind1=" " ind2=" " tag="260"><subfield code="a">Bucuresti, Cons.National Al Inginerilor Si Tehnicienilor, 1969, 15p</subfield></datafield><datafield ind1=" " ind2=" " tag="490"><subfield code="a">A Doua Conferinta A Electricienilor. Viii.Sectia Sisteme, Centrale Si Utilizarea Energiei Electrice</subfield></datafield><datafield ind1=" " ind2=" " tag="852"><subfield code="a">31631</subfield></datafield></record></collection>